@book{Aho:72,
    author  = {Alfred V. Aho and Jeffrey D. Ullman},
    title   = {The Theory of Parsing, Translation and Compiling},
    year    = "1972",
    volume  = "1",
    publisher = {Prentice-Hall},
    address = {Englewood Cliffs, NJ}
}

@book{APA:83,
    author  = {{American Psychological Association}},
    title   = {Publications Manual},
    year    = "1983",
   publisher = {American Psychological Association},
   address = {Washington, DC}
}

@article{ACM:83,
	author = {Association for Computing Machinery},
	year = "1983",
	journal = {Computing Reviews},
	volume = "24",
	number = "11",
	pages = "503--512"
}

@article{Chandra:81,
	author = {Ashok K. Chandra and Dexter C. Kozen and Larry J. Stockmeyer},
	year = "1981",
	title = {Alternation},
	journal = {Journal of the Association for Computing Machinery},
	volume = "28",
	number = "1",
	pages = "114--133",
	doi = "10.1145/322234.322243",
}

@inproceedings{andrew2007scalable,
  title={Scalable training of {L1}-regularized log-linear models},
  author={Andrew, Galen and Gao, Jianfeng},
  booktitle={Proceedings of the 24th International Conference on Machine Learning},
  pages={33--40},
  year={2007},
}

@book{Gusfield:97,
    author  = {Dan Gusfield},
    title   = {Algorithms on Strings, Trees and Sequences},
    year    = "1997",
    publisher = {Cambridge University Press},
    address = {Cambridge, UK}
}

@inproceedings{borsch2011,
	Address = {Canberra, Australia},
	Author = {Benjamin Borschinger and Mark Johnson},
	Booktitle = {Proceedings of the Australasian Language Technology Association Workshop 2011},
	Month = {December},
	Pages = {10--18},
	Title = {A Particle Filter algorithm for {B}ayesian Wordsegmentation},
	Year = {2011}}

@article{rasooli-tetrault-2015,
    author    = {Mohammad Sadegh Rasooli and Joel R. Tetreault},
    title     = {Yara Parser: {A} Fast and Accurate Dependency Parser},
    journal   = {Computing Research Repository},
    volume    = {arXiv:1503.06733},
    year      = {2015},
    url       = {http://arxiv.org/abs/1503.06733},
    note    = {version 2}
}

@article{Ando2005,
	Acmid = {1194905},
	Author = {Ando, Rie Kubota and Zhang, Tong},
	Issn = {1532-4435},
	Issue_Date = {12/1/2005},
	Journal = {Journal of Machine Learning Research},
	Month = dec,
	Numpages = {37},
	Pages = {1817--1853},
	Publisher = {JMLR.org},
	Title = {A Framework for Learning Predictive Structures from Multiple Tasks and Unlabeled Data},
	Volume = {6},
	Year = {2005}}

@InProceedings{P16-1001,
  author =	"Goodman, James
  	 and Vlachos, Andreas
	     and Naradowsky, Jason",
  title =    "Noise reduction and targeted exploration in imitation learning for      Abstract Meaning Representation parsing    ",
  booktitle = 	    "Proceedings of the 54th Annual Meeting of the Association for      Computational Linguistics (Volume 1: Long Papers)    ",
  year =    "2016",
  publisher =	"Association for Computational Linguistics",
  pages =   "1--11",
  location =	"Berlin, Germany",
  doi =    "10.18653/v1/P16-1001",
  url =    "http://aclweb.org/anthology/P16-1001"
}

@InProceedings{C14-1001,
  author =	"Harper, Mary",
  title = 	"Learning from 26 Languages: Program Management and Science in the Babel Program",
  booktitle = 	"Proceedings of COLING 2014, the 25th International Conference on Computational Linguistics: Technical Papers",
  year =    "2014",
  publisher =	"Dublin City University and Association for Computational Linguistics",
  pages =   "1",
  location =	"Dublin, Ireland",
  url =    "http://aclweb.org/anthology/C14-1001"
}

@inproceedings{fell2014lyrics,
  title={Lyrics-based analysis and classification of music},
  author={Fell, Michael and Sporleder, Caroline},
  booktitle={Proceedings of COLING 2014, the 25th International Conference on Computational Linguistics: Technical Papers},
  pages={620--631},
  year={2014}
}

@article{giammussopredicting,
  title={PREDICTING THE EMOTION OF PLAYLISTS USING TRACK LYRICS},
  author={Giammusso, Sara and Guerriero, Mario and Lisena, Pasquale and Palumbo, Enrico and Troncy, Rapha{\"e}l}
}

@inproceedings{barman2019decoding,
  title={Decoding the Style and Bias of Song Lyrics},
  author={Barman, Manash Pratim and Awekar, Amit and Kothari, Sambhav},
  booktitle={Proceedings of the 42nd International ACM SIGIR Conference on Research and Development in Information Retrieval},
  pages={1165--1168},
  year={2019},
  organization={ACM}
}

@article{zentner2008emotions,
  title={Emotions evoked by the sound of music: characterization, classification, and measurement.},
  author={Zentner, Marcel and Grandjean, Didier and Scherer, Klaus R},
  journal={Emotion},
  volume={8},
  number={4},
  pages={494},
  year={2008},
  publisher={American Psychological Association}
}

@inproceedings{zangerle2018alf,
  title={Alf-200k: Towards extensive multimodal analyses of music tracks and playlists},
  author={Zangerle, Eva and Tschuggnall, Michael and Wurzinger, Stefan and Specht, G{\"u}nther},
  booktitle={European Conference on Information Retrieval},
  pages={584--590},
  year={2018},
  organization={Springer}
}

@article{hu2009lyric,
  title={Lyric text mining in music mood classification},
  author={Hu, Xiao and Downie, J Stephen and Ehmann, Andreas F},
  journal={American music},
  volume={183},
  number={5,049},
  pages={2--209},
  year={2009}
}

@misc{gupta2019automatic,
    title={Automatic Lyrics Alignment and Transcription in Polyphonic Music: Does Background Music Help?},
    author={Chitralekha Gupta and Emre YÄ±lmaz and Haizhou Li},
    year={2019},
    eprint={1909.10200},
    archivePrefix={arXiv},
    primaryClass={eess.AS}
}

@inproceedings{anna2016retrieval,
  author = {Kruspe, Anna},
  year = {2016},
  month = {09},
  pages = {2140-2144},
  title = {Retrieval of Textual Song Lyrics from Sung Inputs},
  doi = {10.21437/Interspeech.2016-1272}
}

@inproceedings{annamaria2010recognition,
  author = {Mesaros, Annamaria and Virtanen, Tuomas},
  year = {2010},
  month = {04},
  pages = {2146 - 2149},
  title = {Recognition of phonemes and words in singing},
  journal = {Acoustics, Speech, and Signal Processing, 1988. ICASSP-88., 1988 International Conference on},
  doi = {10.1109/ICASSP.2010.5495585}
}

@article{guo2004knn,
  author = {Guo, Gongde and Wang, Hui and Bell, David and Bi, Yaxin},
  year = {2004},
  month = {08},
  pages = {},
  title = {KNN Model-Based Approach in Classification}
}

@article{Cortes:1995:SN:218919.218929,
 author = {Cortes, Corinna and Vapnik, Vladimir},
 title = {Support-Vector Networks},
 journal = {Mach. Learn.},
 issue_date = {Sept. 1995},
 volume = {20},
 number = {3},
 month = sep,
 year = {1995},
 issn = {0885-6125},
 pages = {273--297},
 numpages = {25},
 url = {https://doi.org/10.1023/A:1022627411411},
 doi = {10.1023/A:1022627411411},
 acmid = {218929},
 publisher = {Kluwer Academic Publishers},
 address = {Norwell, MA, USA},
 keywords = {efficient learning algorithms, neural networks, pattern recognition, polynomial classifiers, radial basis function classifiers},
} 

@misc{lighttag,
  title = {{LightTag}},
  howpublished = {\url{http://lighttag.io}}
}

@misc{jupyter,
  title = {{Jupyter Notebook}},
  howpublished = {\url{https://jupyter.org}}
}

@misc{pandas,
  title = {{Pandas}},
  howpublished = {\url{https://pandas.pydata.org/}}
}

@misc{sklearn,
  title = {{Scikit-learn}},
  howpublished = {\url{https://scikit-learn.org/stable/}}
}

@misc{nltk,
  title = {{Natural Language Toolkit}},
  howpublished = {\url{https://www.nltk.org/}}
}

@misc{matplotlib,
  title = {{Matplotlib}},
  howpublished = {\url{https://matplotlib.org/}}
}
